@book{marconi,
	author = {Marina de Andrade Marconi},
	title = {Fundamentos de Metodologia Científica},
	year = {2003},
	publisher = {Atlas.},
	edition = {5},
	address = {São Paulo, SP},
}
